@misc{ wiki:Roomba,
   author = "Wikipedia",
   title = "{Roomba} --- {W}ikipedia{,} The Free Encyclopedia",
   year = "2016",
   howpublished = {\url{http://en.wikipedia.org/w/index.php?title=Roomba&oldid=712743018}},
   note = "[Online; accessed 08-April-2016]"
 }

@misc{speedguide, title={How does RSSI (dBm) relate to signal quality (percent) ?}, url={http://www.speedguide.net/faq/how-does-rssi-dbm-relate-to-signal-quality-percent-439}, journal={SpeedGuide}}

 
@misc{ wiki:MUSIC,
   author = "Wikipedia",
   title = "Multiple signal classification --- Wikipedia{,} The Free Encyclopedia",
   year = "2015",
   url = "https://en.wikipedia.org/w/index.php?title=Multiple_signal_classification&oldid=683601353",
   note = "[Online; accessed 17-December-2015]"
 }
 
  @misc{ wiki:Rayleighfading,
   author = "Wikipedia",
   title = "Rayleigh fading --- Wikipedia{,} The Free Encyclopedia",
   year = "2015",
   url = "\url{https://en.wikipedia.org/w/index.php?title=Rayleigh_fading&oldid=689321184}",
   note = "[Online; accessed 17-December-2015]"
 }
 
 @misc{ wiki:Normaldistribution,
   author = "Wikipedia",
   title = "Normal distribution --- Wikipedia{,} The Free Encyclopedia",
   year = "2015",
   url = "\url{https://en.wikipedia.org/w/index.php?title=Normal_distribution&oldid=694634895}",
   note = "[Online; accessed 17-December-2015]"
 }
 
 @misc{ wiki:Pathloss,
   author = "Wikipedia",
   title = "Path loss --- Wikipedia{,} The Free Encyclopedia",
   year = "2015",
   url = "\url{https://en.wikipedia.org/w/index.php?title=Path_loss&oldid=647852636}",
   note = "[Online; accessed 17-December-2015]"
 }
 
 @misc{ wiki:SLAM,
   author = "Wikipedia",
   title = "Simultaneous localization and mapping --- Wikipedia{,} The Free Encyclopedia",
   year = "2015",
   url = "\url{https://en.wikipedia.org/w/index.php?title=Simultaneous_localization_and_mapping&oldid=684789873}",
   note = "[Online; accessed 17-December-2015]"
 }
 
 @article{faria2005modeling,
  title={Modeling signal attenuation in ieee 802.11 wireless lans-vol. 1},
  author={Faria, Daniel B and others},
  journal={Computer Science Department, Stanford University},
  volume={1},
  year={2005}
}

@ARTICLE{88147, 
author={Leonard, J.J. and Durrant-Whyte, H.F.}, 
journal={Robotics and Automation, IEEE Transactions on}, 
title={Mobile robot localization by tracking geometric beacons}, 
year={1991}, 
volume={7}, 
number={3}, 
pages={376-382}, 
keywords={Kalman filters;mobile robots;navigation;sonar;tracking;Kaman filter;Robuter;geometric beacon tracking;mobile robot;model-based localization;navigation;point kinematics;Kinematics;Maintenance;Mobile robots;Motion planning;Robustness;Sensor phenomena and characterization;Solid modeling;Sonar measurements;Sonar navigation;Vehicles}, 
doi={10.1109/70.88147}, 
ISSN={1042-296X}, 
month={Jun},}
 
 @misc{elsayed, title={Wireless Communications}, url={http://wireless-communications-systems.blogspot.com/2013/04/characteristics-of-wireless-channel.html}, journal={Characteristics of wireless channel }, author={Elsayed, Magy}}
 
 @misc{music, title={Channel Parameter Estimation for Scatter Cluster Model Using Modified MUSIC Algorithm : Figure 1}, url={http://www.hindawi.com/journals/ijap/2012/619817/fig1/}, journal={Channel Parameter Estimation for Scatter Cluster Model Using Modified MUSIC Algorithm : Figure 1}}
 
@misc{white_noise, title={Simulation and Analysis of White Noise in Matlab}, url={http://www.gaussianwaves.com/2013/11/simulation-and-analysis-of-white-noise-in-matlab/}, journal={GaussianWaves Site Wide Activity RSS}, year={2013}}