 @misc{ wiki:CCD,
   author = "Wikipedia",
   title = "Charge-coupled device --- Wikipedia{,} The Free Encyclopedia",
   year = "2015",
   url = "\url{https://en.wikipedia.org/w/index.php?title=Charge-coupled_device&oldid=691631205}",
   note = "[Online; accessed 11-December-2015]"
 }
 
  @misc{ tempsensor,
   author = "sensorwiki",
   title = "Temperature Sensors",
   year = "2011/04/14",
   url = "\url{http://sensorwiki.org/doku.php/sensors/temperature}",
   note = "[Online; accessed 11-December-2015]"
 }
